@online{numpy-fft,
    organization = "Scipy.org",
    title = "Discrete Fourier Transforms",
    note = "[Python package]",
    url = "https://docs.scipy.org/doc/numpy-1.15.0/reference/routines.fft.html",
    urldate = {2019-04-03}
}

@online{cppcomplex,
    title = "std::complex",
    organization = "cppreference",
    url = "https://en.cppreference.com/w/cpp/numeric/complex",
    urldate = {2019-04-26}
}

@misc{scipy,
    author = {Eric Jones and Travis Oliphant and Pearu Peterson and others},
    title = {{SciPy}: Open source scientific tools for {Python}},
    year = {2001--},
    url = "http://www.scipy.org/"
}

@manual{fftw,
    author = {Matteo Frigo and Steven G. Johnson},
    organization = {Massachusetts Institute of Technology},
    title = {FFTW},
    subtitle = {(version 3.3.8)},
    note = {[library documentation]},
    year = {May 2018},
    url = "http://www.fftw.org/fftw3.pdf",
    urldate = {2019-04-04}
}

@book{Oliphant:2015,
    author = {Oliphant, Travis E.},
    title = {Guide to NumPy},
    year = {2015},
    isbn = {151730007X, 9781517300074},
    edition = {2nd edition},
    publisher = {CreateSpace Independent Publishing Platform},
    address = {USA}
}

@book{NumRecipes,
    author = {William H. Press and Saul A. Teukolsky and William T. Vetterling and Brian P. Flannery},
    title = {Numerical Recipes},
    subtitle = {The Art of Scientific Computing},
    year = {2007},
    edition = {3rd edition},
    isbn = {9780521880688},
    publisher = {Cambridge University Press}
}

@book{hecht,
    author = {Eugene Hecht},
    title = {Optics},
    edition = {5th edition},
    year = {2017},
    isbn = {978-1-292-09693-3},
    publisher = {Pearson Education}
}

@book{RadioAstro,
    author = {Thomas L. Wilson and Kristen Rohlfs and Susanne HuÌˆttemeister},
    title = "Tools of Radio Astronomy",
    year = {2009},
    edition = {5th edition},
    isbn = {978-3-540-85121-9},
    publisher = {Springer},
    address =  {Berlin Heidelberg}
}

@manual{manual,
    title = "Part II Computational Physics Projects",
    author = "David Buscher",
    url = "https://www-teach.phy.cam.ac.uk/dms/dms_getFile.php?node=20927",
    urldate = {2019-04-03},
    organization = "{Cavendish Laboratory, University of Cambridge}",
    year = "Lent 2019"
}
